<?xml version="1.0" encoding="UTF-8"?><record xmlns="http://www.loc.gov/MARC21/slim" xmlns:cinclude="http://apache.org/cocoon/include/1.0" xmlns:zs="http://www.loc.gov/zing/srw/">
  <leader>00443nz  a2200121n  4500</leader>
  <controlfield tag="001">n 2004113588</controlfield>
  <controlfield tag="003">DLC</controlfield>
  <controlfield tag="005">20040525154913.0</controlfield>
  <controlfield tag="008">040525n| acannaabn          |n ana      </controlfield>
  <datafield tag="010" ind1=" " ind2=" ">
    <subfield code="a">n 2004113588</subfield>
  </datafield>
  <datafield tag="040" ind1=" " ind2=" ">
    <subfield code="a">DLC</subfield>
    <subfield code="c">DLC</subfield>
  </datafield>
  <datafield tag="110" ind1="2" ind2=" ">
    <subfield code="a">North Brooklyn Recycle-A-Bicycle (Organization)</subfield>
  </datafield>
  <datafield tag="670" ind1=" " ind2=" ">
    <subfield code="a">Its Stop fronting, discover Brooklyn's real waterfront with North Brooklyn Recycle-A-Bicycle, 2002:</subfield>
    <subfield code="b">map verso (North Brooklyn Recycle-A-Bicycle, Brooklyn, NY)</subfield>
  </datafield>
</record>